%Original Thesis from Masahiro Mori Translated
@article{original_masahiro,  
    author={Mori, Masahiro and MacDorman, Karl F. and Kageki, Norri},  
    journal={IEEE Robotics   Automation Magazine},   
    title={The Uncanny Valley [From the Field]},   
    year={2012},  
    volume={19},  
    number={2},  
    pages={98-100},  
    doi={10.1109/MRA.2012.2192811}
}

@article{original_masahiro_not_translated,
  title={Bukimi no tani [the uncanny valley]},
  author={Mori, Masahiro},
  journal={Energy},
  volume={7},
  pages={33--35},
  year={1970}
}

@article{first_translation,
  title={Human reactions to imitation humans, or Masahiro Mori’s Uncanny Valley},
  author={Reichardt, Jasia},
  journal={Robots, Fact, Fiction And Prediction},
  pages={26--28},
  year={1978}
}

%Many Factors Influence Uncanny Valley
@article{uncanny_ambiguous,
  author = {MacDorman, Karl},
  year = {2006},
  month = {01},
  pages = {},
  title = {Subjective Ratings of Robot Video Clips for Human Likeness, Familiarity, and Eeriness: An Exploration of the Uncanny Valley},
  journal = {ICCS/CogSci-2006 Long Symposium: Toward Social Mechanisms of Android Science}
}

%Uncanny Cliff
@INPROCEEDINGS{uncanny_cliff,  
    author={Bartneck, Christoph and Kanda, Takayuki and Ishiguro, Hiroshi and Hagita, Norihiro}, 
    booktitle={RO-MAN 2007 - The 16th IEEE International Symposium on Robot and Human Interactive Communication},   
    title={Is The Uncanny Valley An Uncanny Cliff?},  
    year={2007},
    volume={},
    number={},
    pages={368-373},
    doi={10.1109/ROMAN.2007.4415111}
}

%Uncanny Wall
@inproceedings{uncanny_wall,
    author = {Tinwell, A. and Grimshaw, M.},
    title = {Bridging the Uncanny: An Impossible Traverse?},
    year = {2009},
    isbn = {9781605586335},
    publisher = {Association for Computing Machinery},
    url = {https://doi.org/10.1145/1621841.1621855},
    doi = {10.1145/1621841.1621855},
    booktitle = {Proceedings of the 13th International MindTrek Conference: Everyday Life in the Ubiquitous Era},
    pages = {66–73},
    numpages = {8},
    series = {MindTrek '09}
}


%Children's responding to humanlike agents reflects an uncanny valley
@inproceedings{childrens_responding,
    author = {Strait, Megan and Urry, Heather L. and Muentener, Paul},
    title = {Children's Responding to Humanlike Agents Reflects an Uncanny Valley},
    year = {2019},
    isbn = {9781538685556},
    publisher = {IEEE Press},
    booktitle = {Proceedings of the 14th ACM/IEEE International Conference on Human-Robot Interaction},
    pages = {506–515},
    numpages = {10},
    keywords = {humanoids, cognitive development, uncanny valley, child-robot interaction, anthropomorphism, agency},
    location = {Daegu, Republic of Korea},
    series = {HRI '19}
}

%Uncanny valley also manifests with prior exposure of to robots
@inproceedings{prior_exposure_robots,
    author = {Alvarez Perez, Jaime and Garcia Goo, Hideki and S\'{a}nchez Ramos, Ana and Contreras, Virginia and Strait, Megan},
    title = {The Uncanny Valley Manifests Even with Exposure to Robots},
    year = {2020},
    isbn = {9781450370578},
    publisher = {Association for Computing Machinery},
    address = {New York, NY, USA},
    url = {https://doi.org/10.1145/3371382.3378312},
    doi = {10.1145/3371382.3378312},
    booktitle = {Companion of the 2020 ACM/IEEE International Conference on     Human-Robot Interaction},
    pages = {101–103},
    numpages = {3},
    series = {HRI '20}
}

%The development of the uncanny valley in infants
@article{uncanny_infants,
    author = {Lewkowicz, David J. and Ghazanfar, Asif A.},
    title = {The development of the uncanny valley in infants},
    journal = {Developmental Psychobiology},
    volume = {54},
    number = {2},
    pages = {124-132},
    keywords = {avatar, face processing, perceptual narrowing, early experience},
    doi = {https://doi.org/10.1002/dev.20583},
    url = {https://onlinelibrary.wiley.com/doi/abs/10.1002/dev.20583},
    eprint = {https://onlinelibrary.wiley.com/doi/pdf/10.1002/dev.20583},
    year = {2012}
}

@ARTICLE{Lewkowicz2009_perceptual_abilities,
  title    = "The emergence of multisensory systems through perceptual
              narrowing",
  author   = "Lewkowicz, David J and Ghazanfar, Asif A",
  journal  = "Trends Cogn Sci",
  volume   =  13,
  number   =  11,
  pages    = "470--478",
  month    =  sep,
  year     =  2009,
  address  = "England",
  language = "en"
}

@article{Pascalis2009_perceptual_abilities,
  doi = {10.1111/j.1745-6924.2009.01119.x},
  url = {https://doi.org/10.1111/j.1745-6924.2009.01119.x},
  year = {2009},
  month = mar,
  publisher = {{SAGE} Publications},
  volume = {4},
  number = {2},
  pages = {200--209},
  author = {Olivier Pascalis and David J. Kelly},
  title = {The Origins of Face Processing in Humans: Phylogeny and Ontogeny},
  journal = {Perspectives on Psychological Science}
}

@ARTICLE{uncanny_infant_discrimination,
	AUTHOR={Matsuda, Goh and Ishiguro, Hiroshi and Hiraki, Kazuo},   
	TITLE={Infant discrimination of humanoid robots},      
	JOURNAL={Frontiers in Psychology},      
	VOLUME={6},      
	YEAR={2015},      
	URL={https://www.frontiersin.org/article/10.3389/fpsyg.2015.01397},       
	DOI={10.3389/fpsyg.2015.01397},      
	ISSN={1664-1078}
}

@InProceedings{quant_review,
    author="Zhang, Jie
    and Li, Shuo
    and Zhang, Jing-Yu
    and Du, Feng
    and Qi, Yue
    and Liu, Xun",
    editor="Rau, Pei-Luen Patrick",
    title="A Literature Review of the Research on the Uncanny Valley",
    booktitle="Cross-Cultural Design. User Experience of Products, Services, and Intelligent Environments",
    year="2020",
    publisher="Springer International Publishing",
    address="Cham",
    pages="255--268",
    isbn="978-3-030-49788-0"
}

@article{age_differences,
  title={Age-related differences in the uncanny valley effect},
  author={Tu, Yun-Chen and Chien, Sung-En and Yeh, Su-Ling},
  journal={Gerontology},
  volume={66},
  number={4},
  pages={382--392},
  year={2020},
  publisher={Karger Publishers}
}

@INPROCEEDINGS{japan_robot_friendly,
  author={Wagner, Cosima},
  booktitle={RO-MAN 2009 - The 18th IEEE International Symposium on Robot and Human Interactive Communication}, 
  title={‘The Japanese way of robotics’: Interacting ‘naturally’ with robots as a national character?}, 
  year={2009},
  volume={},
  number={},
  pages={510-515},
  doi={10.1109/ROMAN.2009.5326221}}


%%%%%%%STUDY%%%%%%
 @misc{robot_recruiting, 
 title={Robot recruiting - are robots the recruiter of Tomorrow?}, url={https://news.companymatch.me/english/robot-recruiting-are-robots-the-recruiter-of-tomorrow/}, 
 journal={CompanyMatch News}, 
 author={Ehmler, Lara}, 
 year={2018}, 
 month={Apr}
 } 
 
  @misc{robot_recruiting_avant, 
  title={Robot Recruiting: Möglichkeiten \& Grenzen Von KI Im Recruiting}, url={https://www.avantgarde-experts.de/de/magazin/robot-recruiting/}, 
  journal={AVANTGARDE Experts}, 
  year={2020}, 
  month={Sep}
  } 
  
  %%%%%%%PICTURES%%%%%% 
  @article{human,
  doi = {10.3758/s13428-014-0532-5},
  url = {https://doi.org/10.3758/s13428-014-0532-5},
  year = {2015},
  month = jan,
  publisher = {Springer Science and Business Media {LLC}},
  volume = {47},
  number = {4},
  pages = {1122--1135},
  author = {Debbie S. Ma and Joshua Correll and Bernd Wittenbrink},
  title = {The Chicago face database: A free stimulus set of faces and norming data},
  journal = {Behavior Research Methods}
}

 @misc{icup, 
     title={ICub}, 
     url={https://robots.ieee.org/robots/icub/}, 
     urldate = {2022-05-06},
     journal={ROBOTS}, 
     publisher={RoboCub Consortium and IIT}, 
     author={Spectrum, IEEE}, 
     year={2018}, 
     month={May}
 } 
 
@article{facemaker,
    author = {Schwind, Valentin and Wolf, Katrin and Henze, Niels},
    title = {Avoiding the Uncanny Valley in Virtual Character Design},
    year = {2018},
    issue_date = {September-October 2018},
    publisher = {Association for Computing Machinery},
    address = {New York, NY, USA},
    volume = {25},
    number = {5},
    issn = {1072-5520},
    url = {https://doi.org/10.1145/3236673},
    doi = {10.1145/3236673},
    journal = {Interactions},
    month = {aug},
    pages = {45–49},
    numpages = {5}
}

@article{emily,
    author = {Schwind, Valentin and Wolf, Katrin and Henze, Niels},
    title = {Avoiding the Uncanny Valley in Virtual Character Design},
    year = {2018},
    issue_date = {September-October 2018},
    publisher = {Association for Computing Machinery},
    address = {New York, NY, USA},
    volume = {25},
    number = {5},
    issn = {1072-5520},
    url = {https://doi.org/10.1145/3236673},
    doi = {10.1145/3236673},
    journal = {Interactions},
    month = {aug},
    pages = {45–49},
    numpages = {5}
}

 @misc{knoxfrost, 
     title={Knox Frost on Instagram: “hey – listen up. I’ve partnered with @WHO to ...}, 
     url={https://www.instagram.com/p/B-hHxX5gE1w/}, 
     urldate = {2022-05-06},
     journal={Instagram}, 
     publisher={Instagram, made by knoxfrost}, 
     author={knoxfrost}, 
     year={2022}, 
     month={Apr}
 } 
 
    
@misc{microsoft_mesh,
 author = {Microsoft},
 year = {2021},
 title = {Satya Nadella Ignite 2021: Mesh for Microsoft Teams},
 url={https://www.youtube.com/watch?v=lLPYSsqyukk}, 
 urldate = {2022-05-06}
}
 
 
 @misc{tengai, 
 title={Tengai robot is just the job as an unbiased recruiter}, url={https://www.thetimes.co.uk/article/robot-is-just-the-job-as-an-unbiased-recruiter-hnrsz9qzr},
  urldate = {2022-05-06},
 journal={World | The Times}, 
 publisher={The Times}, 
 author={Sage, Adam}, 
 year={2019},
 month={Jun}
 } 
 
  @misc{sophia,
  title={Meet the Robot Recruiters}, 
  url={https://www.ere.net/meet-the-robot-recruiters/}, 
  urldate = {2022-05-06},
  journal={ERE}, 
  publisher={ERE}, 
  author={Singh, Raghav}, 
  year={2018},
  month={Sep}
  }
  
 @misc{vera, 
 title={Robot recruiting - are robots the recruiter of Tomorrow?}, url={https://news.companymatch.me/english/robot-recruiting-are-robots-the-recruiter-of-tomorrow/}, 
 journal={CompanyMatch News}, 
 author={Ehmler, Lara}, 
 year={2018}, 
 month={Apr}
 } 
  %%%%%%%------%%%%%%
  
  
 



%%%%NOT USED%%%%%%%
%Interesting paper pointing out flaws in previous research %not yet used
https://ir.canterbury.ac.nz/handle/10092/8698
}
%%%%%%%%%%%
